<record><leader>00000cas a22000007a 4500</leader><controlfield tag="001">11034053</controlfield><controlfield tag="008">840808d18401867aluwr ne      0    0eng d</controlfield><datafield ind1=" " ind2=" " tag="010"><subfield code="a">sn 84023591 </subfield></datafield><datafield ind1=" " ind2=" " tag="040"><subfield code="a">AQM</subfield><subfield code="b">eng</subfield><subfield code="c">AQM</subfield><subfield code="d">NPX</subfield><subfield code="d">CPN</subfield><subfield code="d">CRL</subfield><subfield code="d">OCLCQ</subfield><subfield code="d">OCLCF</subfield></datafield><datafield ind1=" " ind2=" " tag="019"><subfield code="a">210369683</subfield></datafield><datafield ind1="1" ind2=" " tag="029"><subfield code="a">AU@</subfield><subfield code="b">000025825673</subfield></datafield><datafield ind1=" " ind2=" " tag="042"><subfield code="a">msc</subfield></datafield><datafield ind1=" " ind2=" " tag="043"><subfield code="a">n-us-al</subfield></datafield><datafield ind1="0" ind2="0" tag="245"><subfield code="a">Democratic watchtower.</subfield></datafield><datafield ind1=" " ind2=" " tag="260"><subfield code="a">Talladega, Ala. :</subfield><subfield code="b">McAfee, Griffin &amp; Co.</subfield></datafield><datafield ind1=" " ind2=" " tag="300"><subfield code="a">volumes</subfield></datafield><datafield ind1=" " ind2=" " tag="310"><subfield code="a">Weekly</subfield></datafield><datafield ind1=" " ind2=" " tag="336"><subfield code="a">text</subfield><subfield code="b">txt</subfield><subfield code="2">rdacontent</subfield></datafield><datafield ind1=" " ind2=" " tag="337"><subfield code="a">unmediated</subfield><subfield code="b">n</subfield><subfield code="2">rdamedia</subfield></datafield><datafield ind1=" " ind2=" " tag="338"><subfield code="a">volume</subfield><subfield code="b">nc</subfield><subfield code="2">rdacarrier</subfield></datafield><datafield ind1="1" ind2=" " tag="362"><subfield code="a">Began in 1840; ceased in 1867.</subfield></datafield><datafield ind1=" " ind2=" " tag="500"><subfield code="a">Editors: S. Rice, &lt;1840-1841&gt;; J. Woodward, &lt;1842&gt;; J. Huey, &lt;1844&gt;; R. Higgins, &lt;1852&gt;; Joiner &amp; Higgins, &lt;1852&gt;; R. Chapman, &lt;1854&gt;; W. Chapman, &lt;1856&gt;.</subfield></datafield><datafield ind1=" " ind2=" " tag="500"><subfield code="a">Publishers: McAfee, Griffin &amp; Co., &lt;1840-1841&gt;; Evans, Woodward &amp; Co., &lt;1843&gt;; Woodward &amp; Joiner, 1848-1850; J. Joiner, &lt;1852&gt;; Joiner &amp; Chapman, Jr., &lt;1857&gt;; Joiner &amp; Taylor, &lt;1860&gt;-1866; J. Joiner, 1866-1867.</subfield></datafield><datafield ind1=" " ind2=" " tag="500"><subfield code="a">"Democratic."</subfield></datafield><datafield ind1=" " ind2=" " tag="588"><subfield code="a">Description based on: Vol. 1, no. 7 (Apr. 3, 1840).</subfield></datafield><datafield ind1=" " ind2=" " tag="588"><subfield code="a">Latest issue consulted: Vol. 28, no. 37 (Sept. 11, 1867).</subfield></datafield><datafield ind1=" " ind2="0" tag="651"><subfield code="a">Talladega (Ala.)</subfield><subfield code="v">Newspapers.</subfield></datafield><datafield ind1=" " ind2="0" tag="651"><subfield code="a">Talladega County (Ala.)</subfield><subfield code="v">Newspapers.</subfield></datafield><datafield ind1=" " ind2="7" tag="655"><subfield code="a">Newspapers.</subfield><subfield code="2">rbgenr</subfield></datafield><datafield ind1=" " ind2="7" tag="655"><subfield code="a">Newspapers.</subfield><subfield code="2">fast</subfield><subfield code="0">(OCoLC)fst01423814</subfield></datafield><datafield ind1=" " ind2="7" tag="651"><subfield code="a">Alabama</subfield><subfield code="z">Talladega.</subfield><subfield code="2">fast</subfield><subfield code="0">(OCoLC)fst01220376</subfield></datafield><datafield ind1=" " ind2="7" tag="651"><subfield code="a">Alabama</subfield><subfield code="z">Talladega County.</subfield><subfield code="2">fast</subfield><subfield code="0">(OCoLC)fst01212281</subfield></datafield><datafield ind1="1" ind2=" " tag="700"><subfield code="a">Chapman, Robert H.</subfield></datafield><datafield ind1="1" ind2=" " tag="700"><subfield code="a">Joiner, James Harvey,</subfield><subfield code="d">1819-1881.</subfield></datafield><datafield ind1="1" ind2=" " tag="700"><subfield code="a">Chapman, William S.</subfield></datafield><datafield ind1="1" ind2=" " tag="700"><subfield code="a">Huey, James Grandison Leroy,</subfield><subfield code="d">1813-</subfield></datafield><datafield ind1="1" ind2=" " tag="700"><subfield code="a">Higgins, Robert W.,</subfield><subfield code="d">-approximately 1862.</subfield></datafield><datafield ind1="1" ind2=" " tag="700"><subfield code="a">Rice, Samuel Farrow,</subfield><subfield code="d">1816-</subfield></datafield><datafield ind1="1" ind2=" " tag="700"><subfield code="a">Taylor, William,</subfield><subfield code="d">1824-1907.</subfield></datafield><datafield ind1="1" ind2=" " tag="700"><subfield code="a">Woodward, John J,</subfield><subfield code="d">1808-1862.</subfield></datafield><datafield ind1=" " ind2=" " tag="752"><subfield code="a">United States</subfield><subfield code="b">Alabama</subfield><subfield code="c">Talladega</subfield><subfield code="d">Talladega.</subfield></datafield><datafield ind1="0" ind2="0" tag="785"><subfield code="t">Talladega watchtower</subfield><subfield code="w">(DLC)sn 88050216</subfield><subfield code="w">(OCoLC)18819549</subfield></datafield></record>